<?xml version='1.0' encoding='UTF-8'?>
<record xmlns="http://www.loc.gov/MARC21/slim">
  <leader>01610cam a2200385 a 4500</leader>
  <controlfield tag="001">221302</controlfield>
  <controlfield tag="003">NjP</controlfield>
  <controlfield tag="005">20171009081034.0</controlfield>
  <controlfield tag="008">840523m19349999mr            000 0 ara d</controlfield>
  <datafield tag="024" ind1="7" ind2=" ">
    <subfield code="a">princeton_aco002809</subfield>
    <subfield code="2">local</subfield>
  </datafield>
  <datafield ind1=" " ind2=" " tag="035">
    <subfield code="a">(OCoLC)ocn175641845</subfield>
  </datafield>
  <datafield ind1=" " ind2=" " tag="035">
    <subfield code="a">(OCoLC)83391532</subfield>
  </datafield>
  <datafield ind1=" " ind2=" " tag="040">
    <subfield code="a">NjP</subfield>
    <subfield code="c">PUL</subfield>
    <subfield code="d">PUL</subfield>
  </datafield>
  <datafield ind1=" " ind2=" " tag="066">
    <subfield code="c">(3</subfield>
    <subfield code="c">(4</subfield>
  </datafield>
  <datafield ind1=" " ind2=" " tag="035">
    <subfield code="a">(OCoLC)175641845</subfield>
  </datafield>
  <datafield ind1=" " ind2=" " tag="035">
    <subfield code="a">(CStRLIN)NJPG84-B28611</subfield>
  </datafield>
  <datafield ind1=" " ind2=" " tag="035">
    <subfield code="9">ABD6316TS</subfield>
  </datafield>
  <datafield ind1=" " ind2=" " tag="035">
    <subfield code="a">(NjP)221302</subfield>
  </datafield>
  <datafield ind1=" " ind2=" " tag="079">
    <subfield code="a">ocm83391532</subfield>
  </datafield>
  <datafield ind1=" " ind2=" " tag="049">
    <subfield code="a">PULL</subfield>
  </datafield>
  <datafield ind1="0" ind2="0" tag="245">
    <subfield code="a">Anthologie d'auteurs arabes /</subfield>
    <subfield code="c">par M. Bekhoucha et A. Sekkal.</subfield>
  </datafield>
  <datafield ind1=" " ind2=" " tag="260">
    <subfield code="6">880-01</subfield>
    <subfield code="a">Tiṭwān :</subfield>
    <subfield code="b">Ṭubiʻa bi-al-Maṭbaʻah al-Mahdīyah,</subfield>
    <subfield code="c">1934-</subfield>
  </datafield>
  <datafield ind1=" " ind2=" " tag="300">
    <subfield code="a">v. ;</subfield>
    <subfield code="c">24 cm.</subfield>
  </datafield>
  <datafield ind1=" " ind2=" " tag="500">
    <subfield code="a">Mainly in Arabic, some notes in French.</subfield>
  </datafield>
  <datafield ind1="1" ind2=" " tag="505">
    <subfield code="6">880-02</subfield>
    <subfield code="a">Livre 1. Les printaniéres au romantisme arab = Kitāb nafḥ al-azhār wa-waṣf al-anwār wa-awṣāt al-aṭyār wa-nughām al-awtār.</subfield>
  </datafield>
  <datafield ind1=" " ind2="0" tag="650">
    <subfield code="a">Spring</subfield>
    <subfield code="x">Poetry.</subfield>
    <subfield code="0">http://id.loc.gov/authorities/subjects/sh2010114577</subfield>
  </datafield>
  <datafield ind1="1" ind2=" " tag="700">
    <subfield code="6">880-03</subfield>
    <subfield code="a">Bakhūshah, Muḥammad.</subfield>
  </datafield>
  <datafield ind1="1" ind2=" " tag="700">
    <subfield code="6">880-04</subfield>
    <subfield code="a">Saqqāl, ʻAbd al-Raḥmān.</subfield>
  </datafield>
  <datafield ind1=" " ind2=" " tag="880">
    <subfield code="6">260-01/(3/r</subfield>
    <subfield code="a">تطوان :</subfield>
    <subfield code="b">طبع بالمطبعة المهدية،</subfield>
    <subfield code="c">1934</subfield>
  </datafield>
  <datafield ind1="1" ind2=" " tag="880">
    <subfield code="6">505-02/(3/r</subfield>
    <subfield code="a">Livre 1. Les printaniéres au romantisme arab = كتاب نفح الاچار ووصف الانوار واوصات الاطيار ونغام الاوتار.</subfield>
  </datafield>
  <datafield ind1="1" ind2=" " tag="880">
    <subfield code="6">700-03/(3/r</subfield>
    <subfield code="a">بخوشة، محمد.</subfield>
  </datafield>
  <datafield ind1="1" ind2=" " tag="880">
    <subfield code="6">700-04/(3/r</subfield>
    <subfield code="a">سقال، عبد الرحمن.</subfield>
  </datafield>
  <datafield ind1=" " ind2=" " tag="998">
    <subfield code="a">05/31/84</subfield>
    <subfield code="s">9114</subfield>
    <subfield code="n">NjP</subfield>
    <subfield code="w">NJPG84B28611</subfield>
    <subfield code="d">05/23/84</subfield>
    <subfield code="c">SSH</subfield>
    <subfield code="b">MT</subfield>
    <subfield code="i">840531</subfield>
    <subfield code="l">NJPG</subfield>
  </datafield>
  <datafield ind1=" " ind2=" " tag="911">
    <subfield code="a">19921028</subfield>
  </datafield>
  <datafield ind1=" " ind2=" " tag="912">
    <subfield code="a">19900822000000.0</subfield>
  </datafield>
  <datafield ind1=" " ind2=" " tag="994">
    <subfield code="a">C0</subfield>
    <subfield code="b">PUL</subfield>
  </datafield>
  <datafield ind1=" " ind2=" " tag="999">
    <subfield code="a">221302</subfield>
  </datafield>
  <datafield ind1="0" ind2="1" tag="852">
    <subfield code="0">242956</subfield>
    <subfield code="b">rcppa</subfield>
    <subfield code="t">1</subfield>
    <subfield code="h">PJ7632.S6</subfield>
    <subfield code="i">A7</subfield>
    <subfield code="x">tr fr arab</subfield>
  </datafield>
  <datafield ind1=" " ind2="0" tag="866">
    <subfield code="0">242956</subfield>
    <subfield code="8">0</subfield>
    <subfield code="a">livre 1</subfield>
  </datafield>
  <datafield ind1=" " ind2="0" tag="866">
    <subfield code="0">242956</subfield>
    <subfield code="8">0</subfield>
    <subfield code="x">RLIN ID to Serials.</subfield>
  </datafield>
  <datafield ind1=" " ind2=" " tag="959">
    <subfield code="a">2000-06-13 00:00:00 -0500</subfield>
  </datafield>
</record>
